<record><leader>00000cas a2200000 a 4500</leader><controlfield tag="001">11156737</controlfield><controlfield tag="008">840915d18491851ohudr ne      0    0eng d</controlfield><datafield ind1=" " ind2=" " tag="010"><subfield code="a">sn 84024182 </subfield></datafield><datafield ind1=" " ind2=" " tag="040"><subfield code="a">NPV</subfield><subfield code="b">eng</subfield><subfield code="c">NPV</subfield><subfield code="d">NPX</subfield><subfield code="d">DLC</subfield><subfield code="d">ONP</subfield><subfield code="d">KNP</subfield><subfield code="d">OCL</subfield><subfield code="d">OCLCQ</subfield><subfield code="d">OCLCF</subfield><subfield code="d">OCLCO</subfield></datafield><datafield ind1=" " ind2=" " tag="042"><subfield code="a">msc</subfield></datafield><datafield ind1=" " ind2=" " tag="043"><subfield code="a">n-us-oh</subfield></datafield><datafield ind1="0" ind2="0" tag="245"><subfield code="a">Daily chronicle and Atlas.</subfield></datafield><datafield ind1=" " ind2=" " tag="260"><subfield code="a">Cincinnati [Ohio] :</subfield><subfield code="b">Foster, Corwine &amp; Co.</subfield></datafield><datafield ind1=" " ind2=" " tag="300"><subfield code="a">v. :</subfield><subfield code="b">ill. (chiefly advertisements) ;</subfield><subfield code="c">59 cm.</subfield></datafield><datafield ind1=" " ind2=" " tag="310"><subfield code="a">Daily</subfield></datafield><datafield ind1="1" ind2=" " tag="362"><subfield code="a">Began with Oct. 1, 1849 issue; ceased in 1851?</subfield><subfield code="z">Cf. Gutgesell, S. Guide to Ohio newspapers, 1974.</subfield></datafield><datafield ind1=" " ind2=" " tag="580"><subfield code="a">Weekly eds.: Weekly Atlas (Cincinnati, Ohio), 1849-18uu, and: Weekly Cincinnati Atlas, 18uu-1851.</subfield></datafield><datafield ind1=" " ind2=" " tag="588"><subfield code="a">Description based on: Vol. 13, no. 18 (Oct. 22, 1849) = whole no. 3044.</subfield></datafield><datafield ind1=" " ind2="0" tag="651"><subfield code="a">Cincinnati (Ohio)</subfield><subfield code="v">Newspapers.</subfield></datafield><datafield ind1=" " ind2="7" tag="655"><subfield code="a">Newspapers.</subfield><subfield code="2">fast</subfield><subfield code="0">(OCoLC)fst01423814</subfield></datafield><datafield ind1=" " ind2="7" tag="651"><subfield code="a">Ohio</subfield><subfield code="z">Cincinnati.</subfield><subfield code="2">fast</subfield><subfield code="0">(OCoLC)fst01205142</subfield></datafield><datafield ind1=" " ind2=" " tag="752"><subfield code="a">United States</subfield><subfield code="b">Ohio</subfield><subfield code="c">Hamilton</subfield><subfield code="d">Cincinnati.</subfield></datafield><datafield ind1="1" ind2=" " tag="775"><subfield code="t">Weekly Atlas (Cincinnati, Ohio)</subfield><subfield code="w">(DLC)sn 85025776</subfield></datafield><datafield ind1="1" ind2=" " tag="775"><subfield code="t">Weekly Cincinnati Atlas</subfield><subfield code="w">(DLC)sn 84024183</subfield></datafield><datafield ind1="0" ind2="4" tag="780"><subfield code="t">Cincinnati daily Atlas (Cincinnati, Ohio : 1847)</subfield><subfield code="w">(DLC)sn 85025778</subfield></datafield><datafield ind1="0" ind2="4" tag="780"><subfield code="t">Cincinnati morning chronicle</subfield><subfield code="w">(DLC)sn 85042246</subfield></datafield><datafield ind1="0" ind2="0" tag="785"><subfield code="t">Daily Cincinnati Atlas (Cincinnati, Ohio : 1851)</subfield><subfield code="w">(DLC)sn 85025779</subfield></datafield></record>